@online{WinNT,
  author = {campusMVP},
  title = {Dise√±ando una base de datos en el modelo relacional},
  year = 2014,
  url = {https://www.campusmvp.es/recursos/post/Disenando-una-base-de-datos-en-el-modelo-relacional.aspx},
  urldate = {2020-05-22}
}
