@online{WinNT,
  author = {aulaClick},
  title = {Tema 5. Las subconsultas (I)},
  year = 1999,
  url = {https://www.aulaclic.es/sql/t_5_1.htm},
  urldate = {2020-01-05}
}

@online{WinTT,
  author = {Trainer SQL Server},
  title = {Subconsultas correlacionadas en SQL Server },
  year = 2018,
  url = {https://www.manualsqlserver.com/?p=2235},
  urldate = {2020-01-05}
}

