@online{WinNT,
  author = {Roberto Miguel García Aguirre},
  title = {Diferencia entre procedimiento almacenado y Función},
  year = 2019,
  url = {https://robertomiguelz.blogspot.com/2019/01/diferencia-entre-procedimiento.html},
  urldate = {2020-05-15}
}
