@online{WinNT,
  author = {Tecnonautas},
  title = {¿Qué es una propiedad de aislamiento en una base de datos?},
  year = 2020,
  url = {https://tecnonautas.net/que-es-una-propiedad-de-aislamiento-en-una-base-de-datos/},
  urldate = {2020-03-31}
}

