@online{WinNT,
  author = {Microsoft},
  title = {Fundamentos de la normalización de bases de datos},
  year = 2017,
  url = {https://support.microsoft.com/es-es/help/283878/description-of-the-database-normalization-basics},
  urldate = {2020-03-16}
}

@online{Pla,
  author = {Platzi},
  title = {Cómo normalizar una base de datos sin morir en el intento},
  year = 2018,
  url = {https://platzi.com/blog/normalizar-una-base-de-datos-y-no-morir-en-el-intento/},
  urldate = {2020-03-16}
}
